<record><leader>00000cas a22000007a 4500</leader><controlfield tag="001">22532481</controlfield><controlfield tag="008">901018d18961899nhudn ne      0    0eng d</controlfield><datafield ind1=" " ind2=" " tag="010"><subfield code="a">sn 91059065 </subfield></datafield><datafield ind1=" " ind2=" " tag="040"><subfield code="a">NVH</subfield><subfield code="b">eng</subfield><subfield code="c">NVH</subfield><subfield code="d">DLC</subfield><subfield code="d">NVH</subfield></datafield><datafield ind1=" " ind2=" " tag="019"><subfield code="a">994499066</subfield></datafield><datafield ind1="1" ind2=" " tag="029"><subfield code="a">NZ1</subfield><subfield code="b">16068020</subfield></datafield><datafield ind1=" " ind2=" " tag="042"><subfield code="a">msc</subfield></datafield><datafield ind1="0" ind2=" " tag="130"><subfield code="a">Evening gazette (Exeter, N.H.)</subfield></datafield><datafield ind1="0" ind2="4" tag="245"><subfield code="a">The Evening gazette.</subfield></datafield><datafield ind1=" " ind2=" " tag="260"><subfield code="a">Exeter, N.H. :</subfield><subfield code="b">Gazette Print.,</subfield></datafield><datafield ind1=" " ind2=" " tag="300"><subfield code="a">v.</subfield></datafield><datafield ind1=" " ind2=" " tag="310"><subfield code="a">Daily (except Sun.)</subfield></datafield><datafield ind1="0" ind2=" " tag="362"><subfield code="a">Vol. 1, no. 1 (Oct. 12, 1896)-</subfield></datafield><datafield ind1="1" ind2=" " tag="362"><subfield code="a">Ceased in 1899?</subfield></datafield><datafield ind1=" " ind2=" " tag="580"><subfield code="a">Weekly ed.: Exeter gazette.</subfield></datafield><datafield ind1=" " ind2=" " tag="752"><subfield code="a">United States</subfield><subfield code="b">New Hampshire</subfield><subfield code="c">Rockingham</subfield><subfield code="d">Exeter.</subfield></datafield><datafield ind1="1" ind2=" " tag="775"><subfield code="t">Exeter gazette</subfield><subfield code="w">(DLC)sn 90062463</subfield></datafield><datafield ind1="0" ind2="0" tag="780"><subfield code="t">Exeter daily gazette</subfield><subfield code="w">(DLC)sn 84027701</subfield></datafield><datafield ind1="0" ind2="0" tag="785"><subfield code="t">Daily Gazette (Exeter, N.H.)</subfield><subfield code="w">(DLC)sn 90062401</subfield></datafield></record>